../../../vir/doc/iedoc/liquid.bib